@article{ejemplo,
    author  = {Nombre del Autor},
    title   = {Título del Artículo},
    journal = {Revista Ejemplo},
    year    = {2023},
    volume  = {42},
    number  = {7},
    pages   = {123--456},
    doi     = {10.1234/ejemplo}
}
